@techreport{rfc4648,
   AUTHOR = "S. Josefsson",
   TITLE = "{The Base16, Base32, and Base64 Data Encodings}",
   HOWPUBLISHED = {Internet Requests for Comments},
   TYPE="{RFC}",
   NUMBER=4648,
   PAGES = {1-18},
   YEAR = {2006},
   MONTH = {October},
   % ISSN = {2070-1721},
   PUBLISHER = "{Internet Engineering Task Force}",
   INSTITUTION = "{Internet Engineering Task Force}",
   URL={https://www.ietf.org/rfc/rfc4648.txt}
}

@techreport{rfc2119,
   AUTHOR = "S. Bradner",
   TITLE = "{Key words for use in RFCs to Indicate Requirement Levels}",
   HOWPUBLISHED = {Internet Requests for Comments},
   TYPE="{RFC}",
   NUMBER=2119,
   PAGES = {1-3},
   YEAR = {1997},
   MONTH = {March},
   % ISSN = {2070-1721},
   PUBLISHER = "{Internet Engineering Task Force}",
   INSTITUTION = "{Internet Engineering Task Force}",
   URL={https://www.ietf.org/rfc/rfc2119.txt}
}

@techreport{rfc4251,
   AUTHOR = "T. Ylonen",
   TITLE = "{The Secure Shell (SSH) Protocol Architecture}",
   HOWPUBLISHED = {Internet Requests for Comments},
   TYPE="{RFC}",
   NUMBER=4251,
   PAGES = {1-30},
   YEAR = {2006},
   MONTH = {January},
   % ISSN = {2070-1721},
   PUBLISHER = "{Internet Engineering Task Force}",
   INSTITUTION = "{Internet Engineering Task Force}",
   URL={https://www.ietf.org/rfc/rfc4251.txt}
}
